@book{Eklund14,
	author = {Eklund, Sven},
	isbn = {9789144072753},
	publisher = {Studentlitteratur},
	title = {Arbeta i projekt - individen, gruppen, ledaren},
	volume = {4},
	year = {2014}
}

@book{Sommerville10,
	address = {USA},
	author = {Sommerville, Ian},
	edition = {9th},
	isbn = {0137035152, 9780137035151},
	publisher = {Addison-Wesley Publishing Company},
	title = {Software Engineering},
	year = {2010}
}

@article{Jacobson16,
	acmid = {3009830},
	address = {New York, NY, USA},
	author = {Jacobson, Ivar and Spence, Ian and Seidewitz, Ed},
	doi = {10.1145/3009830},
	issn = {0001-0782},
	issue_date = {December 2016},
	journal = {Commun. ACM},
	month = dec,
	number = {12},
	publisher = {ACM},
	title = {Industrial-scale Agile: From Craft to Engineering},
	url = {http://doi.acm.org/10.1145/3009830},
	volume = {59},
	year = {2016}
}

@book{Kniberg07,
	author = {Kniberg, Henrik},
	isbn = {1430322640, 9781430322641},
	publisher = {C4Media},
	title = {Scrum and XP from the Trenches: Enterprise Software Development},
	year = {2007}
}

@book{Kniberg10,
	author = {Kniberg, Henrik},
	isbn = {0557138329, 9780557138326},
	publisher = {C4Media},
	title = {Kanban and Scrum - Making the Most of Both},
	year = {2010}
}

@article{Krathwohl10,
	author = {Krathwohl, David R},
	journal = {College of Education, The Ohio State University},
	month = jun,
	number = {4},
	title = {A {Revision} of {Bloom}'s {Taxonomy}: {An} {Overview}},
	volume = {Autum 2002 Volume 41},
	year = {2010}
}

@techreport{Andersson02,
	author = {Andersson, Niclas and Ekholm, Anders},
	institution = {Institutionen f{\"o}r Byggande och Arkitektur, Lunds Universitet},
	language = {swe},
	title = {Vetenskaplighet - Utv{\"a}rdering av tre implementeringsprojekt inom IT Bygg \& Fastighet 2002},
	year = {2002}
}

@book{Jacobson13,
	author = {Jacobson, Ivar and Ng, Pan-Wei and McMahon, Paul E. and Spence, Ian and Lidman, Svante},
	edition = {1st},
	isbn = {0321885953, 9780321885951},
	publisher = {Addison-Wesley Professional},
	title = {The Essence of Software Engineering: Applying the SEMAT Kernel},
	year = {2013}
}

@book{Jacobson11,
	added-at = {2015-04-27T09:27:51.000+0200},
	author = {Jacobson, Ivar and Spence, Ian and Bittner, Kurt},
	biburl = {https://www.bibsonomy.org/bibtex/2da22e0b7bcfac54fb1554baad24c1115/himbeere},
	month = {December},
	publisher = {Ivar Jacobson International SA.},
	timestamp = {2015-04-27T09:28:07.000+0200},
	title = {USE-CASE 2.0 The Guide to Succeeding with Use Cases},
	url = {https://www.ivarjacobson.com/sites/default/files/field\_iji\_file/article/use-case\_2\_0\_jan11.pdf},
	year = 2011
}

@article{Kruchten95,
	author = {Kruchten, Philippe},
	issn = {0740-7459},
	journal = {IEEE Software},
	number = {6},
	pages = {42--50},
	title = {The ``4+1'' View Model of Software Architecture},
	url = {https://www.researchgate.net/profile/Philippe_Kruchten/publication/221444138_The_41_View_Model_of_Architectu/links/0046351a4dc4f9da04000000.pdf},
	volume = {12},
	year = {1995}
}

@article{Conallen99,
	author = {Conallen, Jim},
	issn = {0001-0782},
	journal = {Communications of the ACM},
	month = oct,
	number = {10},
	title = {Modeling Web Application Architectures with UML},
	url = {http://www.upedu.org/references/papers/pdf/webapps.pdf},
	volume = {42},
	year = {1999}
}

@misc{OMG,
	note = {Accessed: 2017-05-23},
	title = {{OMG} Object Management Group},
	url = {http://www.omg.org/gettingstarted/gettingstartedindex.htm}
}

@online{ivarjacobson2017,
  author = {Ivar Jacobson},
  title = {Essence Kernel},
  month = {may},
  year = {2017},
  url = {http://vbox1.it.kth.se/essence/}
}

@book{eriksson_2008,
	place = {Lund},
	title = {Test och kvalitetss√§kring av IT-system},
	publisher = {Studentlitteratur},
	author = {Eriksson, Ulf},
	year = {2008},
	isbn = {9789144016016}
}
